<?xml version="1.0" encoding="UTF-8"?><collection xmlns="http://www.loc.gov/MARC21/slim"><record><leader>00547nam--2200193-i-4500</leader><controlfield tag="001">000014648</controlfield><controlfield tag="002">20161230</controlfield><controlfield tag="005">20161230201030</controlfield><controlfield tag="008">060222s1000------------r-----000-0-eng-d</controlfield><datafield ind1=" " ind2=" " tag="020"><subfield code="a">0080168949</subfield></datafield><datafield ind1=" " ind2=" " tag="040"><subfield code="a">IFIN-HH</subfield></datafield><datafield ind1=" " ind2=" " tag="080"><subfield code="a">538.91:537.222.22:548.4(042.2)</subfield></datafield><datafield ind1="1" ind2=" " tag="100"><subfield code="a">Busch, Georg</subfield></datafield><datafield ind1="1" ind2="0" tag="245"><subfield code="a">Lectures in solid state physics</subfield><subfield code="c">Georgn busch</subfield></datafield><datafield ind1=" " ind2=" " tag="260"><subfield code="a">Oxford</subfield><subfield code="b">Pergamon Press</subfield><subfield code="c">1976</subfield></datafield><datafield ind1=" " ind2=" " tag="490"><subfield code="a">Internaional Series In Natural Philosophy</subfield><subfield code="v">Vol. 79</subfield></datafield><datafield ind1="1" ind2=" " tag="700"><subfield code="a">Schade, Horst</subfield></datafield><datafield ind1=" " ind2=" " tag="852"><subfield code="a">45303</subfield><subfield code="c">539.2</subfield></datafield><datafield ind1=" " ind2=" " tag="CAT"><subfield code="a">Sys</subfield><subfield code="c">20121026</subfield><subfield code="h">112834</subfield></datafield></record></collection>